%% This BibTeX bibliography file was created using BibDesk.
%% http://bibdesk.sourceforge.net/


%% Created for CZE at 2015-04-07 11:28:26 +0800 


%% Saved with string encoding Unicode (UTF-8) 


@book{sze2012semiconductor,
	title={Semiconductor Devices: Physics and Technology},
	author={Sze, S.M.},
	isbn={9780470873670},
	year={2012},
	publisher={John Wiley \& Sons Singapore Pte. Limited}
}

@book{neamen2003semiconductor,
	title={Semiconductor physics and devices: basic principles},
	author={Neamen, D.A.},
	isbn={9780072321074},
	lccn={2002019681},
	series={McGraw-Hill Series in Electrical and Computer Engineering},
	year={2003},
	publisher={McGraw-Hill}
}

@book{yacobi2003semiconductor,
	title={Semiconductor Materials: An Introduction to Basic Principles},
	author={Yacobi, B.G.},
	isbn={9780306473616},
	lccn={2002028688},
	series={Microdevices Series},
	year={2003},
	publisher={Kluwer Academic/Plenum Publishers}
}

@book{rowe2005thermoelectrics,
	title={Thermoelectrics Handbook: Macro to Nano},
	author={Rowe, D.M.},
	isbn={9781420038903},
	lccn={2005048533},
	year={2005},
	publisher={CRC Press}
}

@book{trigg1992encyclopedia,
	title={Encyclopedia of Applied Physics, Encyclopedia of Applied Physics Volume 4: Combustion to Diamagnetism},
	author={Trigg, G.L. and Immergut, E.H.},
	isbn={9783527281268},
	series={Encyclopedia of Applied Physics},
	year={1992},
	publisher={Wiley}
}

@ARTICLE{4358522, 
	author={R. A. Taylor and G. L. Solbrekken}, 
	journal={IEEE Transactions on Components and Packaging Technologies}, 
	title={Comprehensive system-level optimization of thermoelectric devices for electronic cooling applications}, 
	year={2008}, 
	volume={31}, 
	number={1}, 
	pages={23-31}, 
	keywords={cooling;heat sinks;thermal management (packaging);thermoelectric devices;TE cooling system;coefficient of performance maximization scheme;critical junction temperature;electric current;electronic cooling;heat sink;junction temperature minimization scheme;system-level optimization;thermoelectric cooling;thermoelectric devices;Current;Electronics cooling;Heat sinks;Microprocessors;Optimization methods;Temperature;Thermal stresses;Thermoelectric devices;Thermoelectricity;Electronic cooling;system optimization;thermoelectric (TE)}, 
	doi={10.1109/TCAPT.2007.906333}, 
	ISSN={1521-3331}, 
	month={March},}

@book{nakamura2013blue,
	title={The Blue Laser Diode: The Complete Story},
	author={Nakamura, S. and Pearton, S. and Fasol, G.},
	isbn={9783662041567},
	lccn={00030071},
	year={2013},
	publisher={Springer Berlin Heidelberg}
}

@book{Yang2010nature,
	Address = {Suzhou, China},
	Author = {Cezhou Zhao, Zhou Fang, Qifeng Lu},
	Edition = {1},
	Publisher = {Science Press},
	Title = {An Introduction To Microelectronics},
	Year = {2014}}